@article{Hernandez-Montoya:2019,
  author = {Hernández Montoya, J.C.; Juárez-Rodríguez, M.; Méndez-Sánchez, F.; Aguirre-Muñoz, A.; Rojas-Mayoral, E.; Íñigo-Elias, E.; Galina-Tessaro, P.; Arnaud, G.; Ortega-Rubio, A.},
  doi = {10.3390/ani9060364},
  journal = {Animals}
  month = {jun},
  number = {6},
  pages = {364},
  publisher = {MDPI},
  title = {Sexual Dimorphism and Foraging Trips of the Laysan Albatross (Phoebastria immutabilis) on Guadalupe Island},
  url = {https://doi.org/10.3390/ani9060364},
  volume = {9},
  year  = {2019}
}
